<?xml version="1.0" encoding="UTF-8"?><collection><record><leader>02318ntm a2200349 a 4500</leader><controlfield tag="001">002641753</controlfield><controlfield tag="003">MiAaHDL</controlfield><controlfield tag="005">20190719000000.0</controlfield><controlfield tag="006">m        d        </controlfield><controlfield tag="007">cr bn ---auaua</controlfield><controlfield tag="008">930712q15001525xx            00||  ara d</controlfield><datafield tag="035" ind1=" " ind2=" "><subfield code="a">(MiU)002641753</subfield></datafield><datafield tag="035" ind1=" " ind2=" "><subfield code="a">sdr-miu002641753</subfield></datafield><datafield tag="035" ind1=" " ind2=" "><subfield code="a">(OCoLC)34366886</subfield></datafield><datafield tag="035" ind1=" " ind2=" "><subfield code="a">(RLIN)MIUH93-A223</subfield></datafield><datafield tag="040" ind1=" " ind2=" "><subfield code="a">MiU</subfield><subfield code="c">MiU</subfield><subfield code="e">appm</subfield></datafield><datafield tag="100" ind1="0" ind2=" "><subfield code="6">880-01</subfield><subfield code="a">ʻAlī ibn Abī Ṭālib,</subfield><subfield code="c">Caliph,</subfield><subfield code="d">approximately 600-661.</subfield></datafield><datafield tag="245" ind1="1" ind2="0"><subfield code="6">880-02</subfield><subfield code="a">Waṣāyā-yi Ḥaḍrat ʻAlī riḍá Allāh ʻanhu li-ibnihi Muḥammad Ḥanafīyah :</subfield><subfield code="k">manuscript,</subfield><subfield code="f">[early 16th cent.] /</subfield><subfield code="c">bi-khaṭṭ shaykh Ḥamdallāh.</subfield></datafield><datafield tag="300" ind1=" " ind2=" "><subfield code="a">1</subfield><subfield code="f">v. ([48] p.) ;</subfield><subfield code="c">19 cm.</subfield></datafield><datafield tag="500" ind1=" " ind2=" "><subfield code="a">Title page and colophon give name of copyist as Shaykh Ḥamdallah (also known as Ibn al-Shaykh, 1429-1520); perhaps the single most important Ottoman calligrapher according to Irvin C. Schick (28 December 1989). According to Muhittin Serin, the copy is not in Shaykh Ḥamdallah's hand but was copied in its entirety, including colophon, by another calligrapher in imitation of his style (April 1993). From notes on catalog card in repository.</subfield></datafield><datafield tag="500" ind1=" " ind2=" "><subfield code="a">Illuminated ʻunwān and colophon; text vocalized and enclosed within gold borders.</subfield></datafield><datafield tag="500" ind1=" " ind2=" "><subfield code="a">Date of early 16th cent. suggested by researcher (Muhittin Serin, April 1993).</subfield></datafield><datafield tag="520" ind1=" " ind2=" "><subfield code="a">Admonitions of ʻAlī to his son Muḥammad al-Ḥanafīyah.</subfield></datafield><datafield tag="538" ind1=" " ind2=" "><subfield code="a">Mode of access: Internet.</subfield></datafield><datafield tag="541" ind1=" " ind2=" "><subfield code="d">1924</subfield><subfield code="3">Manuscript</subfield><subfield code="a">Anonymous</subfield><subfield code="c">Purchase, 1924</subfield><subfield code="h">$50.00</subfield></datafield><datafield tag="545" ind1=" " ind2=" "><subfield code="a">Cousin and son-in-law of Muḥammad, the fourth caliph after the death of the Prophet, to whom many political discourses, sermons, letters, and wise sayings (ḥikam) are attributed.</subfield></datafield><datafield tag="561" ind1=" " ind2=" "><subfield code="a">Purchased in Cairo, 1924. Once part of the personal manuscript collection of Sultan Abdülhamid of Turkey.</subfield></datafield><datafield tag="650" ind1=" " ind2="0"><subfield code="a">Maxims, Arabic</subfield><subfield code="y">Early works to 1800.</subfield></datafield><datafield tag="650" ind1=" " ind2="0"><subfield code="a">Manuscripts, Arabic</subfield><subfield code="z">Michigan</subfield><subfield code="z">Ann Arbor.</subfield></datafield><datafield tag="700" ind1="0" ind2=" "><subfield code="a">Abdülhamid</subfield><subfield code="b">II,</subfield><subfield code="c">Sultan of the Turks,</subfield><subfield code="d">1842-1918,</subfield><subfield code="e">former owner.</subfield></datafield><datafield tag="773" ind1="0" ind2=" "><subfield code="a">Abdul Hamid Collection.</subfield><subfield code="7">unbc</subfield><subfield code="w">(CStRLIN)MIUH93-A187.</subfield></datafield><datafield tag="880" ind1="1" ind2="0"><subfield code="6">245-02/</subfield><subfield code="a">وصايا حضرة علي رضى الله عنه لابنه محمد حنفية :</subfield><subfield code="k">manuscript،</subfield><subfield code="f">[early 16th cent.] /</subfield><subfield code="c">بخط شيخ حمدلله.</subfield></datafield><datafield tag="880" ind1="0" ind2=" "><subfield code="6">100-01/</subfield><subfield code="a">علي بن أبي طالب.</subfield></datafield><datafield tag="CID" ind1=" " ind2=" "><subfield code="a">002641753</subfield></datafield><datafield tag="DAT" ind1="0" ind2=" "><subfield code="a">20190719102633.0</subfield><subfield code="b">20190719000000.0</subfield></datafield><datafield tag="DAT" ind1="1" ind2=" "><subfield code="a">20190719090653.0</subfield><subfield code="b">2019-07-19T16:10:42Z</subfield></datafield><datafield tag="DAT" ind1="2" ind2=" "><subfield code="a">2015-10-02T18:00:03Z</subfield></datafield><datafield tag="CAT" ind1=" " ind2=" "><subfield code="a">SDR-MIU</subfield><subfield code="d">EX LIBRIS - ALEPH</subfield><subfield code="l">prepare.pl-004-008</subfield></datafield><datafield tag="FMT" ind1=" " ind2=" "><subfield code="a">BK</subfield></datafield><datafield tag="HOL" ind1=" " ind2=" "><subfield code="0">sdr-miu002641753</subfield><subfield code="a">MiU</subfield><subfield code="b">SDR</subfield><subfield code="c">MIU</subfield><subfield code="p">mdp.39015081446331</subfield><subfield code="s">MIU</subfield><subfield code="1">002641753</subfield></datafield><datafield tag="974" ind1=" " ind2=" "><subfield code="b">MIU</subfield><subfield code="c">MIU</subfield><subfield code="d">20190719</subfield><subfield code="s">lit-dlps-dc</subfield><subfield code="u">mdp.39015081446331</subfield><subfield code="y">1525</subfield><subfield code="r">pd</subfield><subfield code="q">bib</subfield><subfield code="t">non-US bib date2 &lt; 1896</subfield></datafield></record></collection>